
@book{model,
    title={Models of Computation},
    author={Jeff Erickson},
    year={2018},
    pages={96}
}